<record><leader>00000cas a2200000 a 4500</leader><controlfield tag="001">44783312</controlfield><controlfield tag="006">m     o  d        </controlfield><controlfield tag="007">cr cn|||||||||</controlfield><controlfield tag="008">000814c19999999maudr neo     0    0rusoc</controlfield><datafield ind1=" " ind2=" " tag="010"><subfield code="a">   00253267 </subfield></datafield><datafield ind1=" " ind2=" " tag="040"><subfield code="a">WAU</subfield><subfield code="b">eng</subfield><subfield code="c">WAU</subfield><subfield code="d">OCLCQ</subfield><subfield code="d">OCLCF</subfield><subfield code="d">OCLCO</subfield></datafield><datafield ind1="1" ind2=" " tag="029"><subfield code="a">AU@</subfield><subfield code="b">000021737938</subfield></datafield><datafield ind1="1" ind2=" " tag="029"><subfield code="a">NZ1</subfield><subfield code="b">12134521</subfield></datafield><datafield ind1="1" ind2=" " tag="029"><subfield code="a">AU@</subfield><subfield code="b">000044930036</subfield></datafield><datafield ind1="1" ind2=" " tag="029"><subfield code="a">AU@</subfield><subfield code="b">000045717582</subfield></datafield><datafield ind1=" " ind2=" " tag="042"><subfield code="a">pcc</subfield></datafield><datafield ind1=" " ind2=" " tag="043"><subfield code="a">e-ru---</subfield></datafield><datafield ind1="1" ind2="4" tag="050"><subfield code="a">HC340.12.A1</subfield></datafield><datafield ind1="0" ind2=" " tag="130"><subfield code="a">Vedomosti (Moscow, Russia : 1999 : Online)</subfield></datafield><datafield ind1="1" ind2="0" tag="245"><subfield code="a">Vedomosti</subfield><subfield code="h">[electronic resource] /</subfield><subfield code="c">ISI Emerging Markets.</subfield></datafield><datafield ind1="1" ind2=" " tag="246"><subfield code="i">At head of contents page title:</subfield><subfield code="a">Business news media</subfield></datafield><datafield ind1="1" ind2=" " tag="246"><subfield code="i">HTML source title on article pages:</subfield><subfield code="a">ISI emerging markets data</subfield></datafield><datafield ind1=" " ind2=" " tag="260"><subfield code="a">[Boston, Mass.] :</subfield><subfield code="b">Internet Securities, Inc.</subfield></datafield><datafield ind1=" " ind2=" " tag="310"><subfield code="a">Daily</subfield></datafield><datafield ind1="1" ind2=" " tag="362"><subfield code="a">Electronic coverage as of Aug. 14, 2000: 13 apr. 2000-</subfield></datafield><datafield ind1=" " ind2=" " tag="538"><subfield code="a">Mode of access: World Wide Web.</subfield></datafield><datafield ind1=" " ind2=" " tag="580"><subfield code="a">Issues for &lt;14 avg. 2000-&gt; have additional titles: Izdai&#65056;u&#65057;tsi&#65056;a&#65057; sovmestno s The Wall Street journal &amp; Financial times.</subfield></datafield><datafield ind1=" " ind2=" " tag="588"><subfield code="a">Description based on: 13 apr. 2000; title from caption (viewed Aug. 14, 2000).</subfield></datafield><datafield ind1=" " ind2=" " tag="588"><subfield code="a">Latest issue consulted: 14 avg. 2000.</subfield></datafield><datafield ind1=" " ind2="0" tag="651"><subfield code="a">Russia (Federation)</subfield><subfield code="x">Economic conditions</subfield><subfield code="v">Newspapers.</subfield></datafield><datafield ind1=" " ind2="7" tag="655"><subfield code="a">Newspapers.</subfield><subfield code="2">fast</subfield><subfield code="0">(OCoLC)fst01423814</subfield></datafield><datafield ind1=" " ind2="7" tag="650"><subfield code="a">Economic history.</subfield><subfield code="2">fast</subfield><subfield code="0">(OCoLC)fst00901974</subfield></datafield><datafield ind1=" " ind2="7" tag="651"><subfield code="a">Russia (Federation)</subfield><subfield code="2">fast</subfield><subfield code="0">(OCoLC)fst01262050</subfield></datafield><datafield ind1="0" ind2=" " tag="730"><subfield code="a">Wall Street journal.</subfield></datafield><datafield ind1="0" ind2=" " tag="730"><subfield code="a">Financial times (London, England)</subfield></datafield><datafield ind1=" " ind2=" " tag="752"><subfield code="a">Russia (Federation)</subfield><subfield code="d">Moscow.</subfield></datafield><datafield ind1="4" ind2="0" tag="856"><subfield code="u">http://@www.securities.com/cgi-bin/isnews/94dec/RU/News/Vedomosty/russian/perx</subfield></datafield></record>